% Encoding: UTF-8

@Book{esa,
  author    = {Gernot Starke},
  title     = {Effektive Software Architekturen},
  year      = {2011},
  date      = {2011-08-04},
  volume    = {5},
  publisher = {Carl Hanser Verlag MÃ¼nchen},
  isbn      = {978-3-446-42728-0},
}

@Book{rd,
  author       = {Pramod J. Sadalage Scott W. Ambler},
  title        = {Refactoring Databases},
  year         = {2006},
  mainsubtitle = {Evolutionary Database Design},
  publisher    = {Addison-Wesley Professional},
  isbn         = {0-321-29353-3},
}

@Book{cd,
  author       = {David Farley Jez Humble},
  title        = {Continuous Delivery},
  year         = {2010},
  date         = {2010-07-11},
  mainsubtitle = {Reliable Software Releases through Build, Test, and Deployment Automation},
  publisher    = {Addison Wesley},
  isbn         = {978-0-321-60191-9},
  pagetotal    = {512},
  ean          = {9780321601919},
}

@WWW{atlassiancd,
  author = {Steve Smith},
  title  = {Practical continuous deployment},
  year   = {2014},
  url    = {http://blogs.atlassian.com/2014/04/practical-continuous-deployment/},
}

@WWW{thoughtcd,
  author = {Vishal Naik},
  title  = {Architecting for Continuous Delivery},
  year   = {2016},
  url    = {https://www.thoughtworks.com/insights/blog/architecting-continuous-delivery},
}

@Comment{jabref-meta: databaseType:biblatex;}
